<?xml version="1.0" encoding="UTF-8"?><collection><record><leader>06840ntm a2200505 a 4500</leader><controlfield tag="001">006818786</controlfield><controlfield tag="003">MiAaHDL</controlfield><controlfield tag="005">20190719000000.0</controlfield><controlfield tag="006">m        d        </controlfield><controlfield tag="007">cr bn ---auaua</controlfield><controlfield tag="008">090615s17uu    xx            00| ||per d</controlfield><datafield tag="035" ind1=" " ind2=" "><subfield code="a">(MiU)006818786</subfield></datafield><datafield tag="035" ind1=" " ind2=" "><subfield code="a">sdr-miu006818786</subfield></datafield><datafield tag="040" ind1=" " ind2=" "><subfield code="a">MiU</subfield><subfield code="c">MiU</subfield><subfield code="e">amremm</subfield></datafield><datafield tag="043" ind1=" " ind2=" "><subfield code="a">n-us-mi</subfield></datafield><datafield tag="100" ind1="1" ind2=" "><subfield code="6">880-01</subfield><subfield code="a">Ṣāʼib Tabrīzī, Muḥammad ʻAlī,</subfield><subfield code="d">-approximately 1670.</subfield></datafield><datafield tag="245" ind1="1" ind2="0"><subfield code="6">880-03</subfield><subfield code="a">[Dīvān-i Ṣāʼib,</subfield><subfield code="f">18th century?].</subfield></datafield><datafield tag="246" ind1="3" ind2=" "><subfield code="a">ديوان صائب</subfield></datafield><datafield tag="260" ind1=" " ind2=" "><subfield code="c">[17--?].</subfield></datafield><datafield tag="300" ind1=" " ind2=" "><subfield code="a">234 leaves :</subfield><subfield code="b">paper ;</subfield><subfield code="c">218 x 142 (169 x 70) mm.</subfield></datafield><datafield tag="500" ind1=" " ind2=" "><subfield code="a">Shelfmark: Ann Arbor, University of Michigan, Special Collections Library, Isl. Ms. 364</subfield></datafield><datafield tag="500" ind1=" " ind2=" "><subfield code="a">Origin: Lacks dated colophon ; paper, decoration, etc. would suggest 18th century.</subfield></datafield><datafield tag="500" ind1=" " ind2=" "><subfield code="a">Accompanying materials: a. Slip of paper with descriptive notes in pen in hand of G. Meredith-Owens "364 | Dīvān of Ṣāʼib | Probably late 18th century | Contemporary binding | Copied probably in Turkey" (not paginated) -- b. Numerous inserts carrying excerpts and glosses (paginated pp.5-6, 9-10, 15-16, 19-20, 25-26, 29-30, 33-34, 39-40, 45-46, 51-52, 55-56, 63-64, 77-78, 91-92, 97-98, 151-152, 163-164, 169-170, 173-174, 179-180, 183-184, 187-188, 189-190, 193-194, 205-206, 209-210, 213-214, 217-218, 221-222, 225-226, 235-236, 241-242, 247-248, 253-254, 257-258, 363-366, 493-494, etc.).</subfield></datafield><datafield tag="500" ind1=" " ind2=" "><subfield code="a">Binding: Pasteboards covered in tan leather ; Type II binding (with flap, now detached) ; doublures in red-brown leather with central lozenge and pendants outlined in gold and flecked with silver, as well as gold-tooled border and rosette and stroke accents ; upper and lower covers carry exquisite stamped (with gold-painted red leather recessed onlays) central lozenge and pendants (filled with symmetrical vegetal design incorporating cloud bands, red-painted, compare Déroche class. NSd), along with gold-tooled accents and a heavy guilloché roll border in gold ; design continues on flap ; edges of text block gold-painted with vegetal designs ; sewn in pink thread, two stations, sewing failing ; worked chevron endbands in pink and yellow, damaged with core of headband exposed ; overall in somewhat poor condition with flap fully detached, lifting and losses of spine leather and lining, minor pest damage at spine, spine split through toward center of text block, minor abrasion, staining, etc. ; repair to upper joint in mauve textile ; housed in box for protection.</subfield></datafield><datafield tag="500" ind1=" " ind2=" "><subfield code="a">Support: European laid paper of perhaps a few types ; mainly with 11-12 laid lines per cm. (vertical), chain lines spaced 20-22 mm. apart (horizontal), and watermark of grapes (raisin) below cartouche and crown (see p.84, 104, 122, 124, 198, 199, etc.) ; another type with 11 laid lines per cm. (vertical), chain lines spaced 22-24 mm. apart (horizontal), and watermark of lion statant guardant (see p.280-281, 384-385, etc.) ; another type with 12 laid lines per cm. (vertical), chain lines spaced 25 mm. apart (horizontal), and watermark of a lion [?] passant with curled tail ; all thin and crisp though sturdy, well-sized and burnished to glossy, mainly light cream in color with a few leaves tinted pink, yellow, etc.</subfield></datafield><datafield tag="500" ind1=" " ind2=" "><subfield code="a">Decoration: Superbly executed illuminated headpiece (ʻunwān / sarlawḥ) at opening on p.2 consisting of rectangular piece with empty gold cartouche (oriented vertically) set in a scalloped dome overlaid with exquisite swirling floral vegetal motifs in shades of pink, blue, red-orange, yellow, white and gold on grounds of black, gold and slate blue with turquoise accents, all set in a well of narrow gold bands flanking a heavy light blue band with dark blue crosses and surmounted by a row of vertical stalks (tīgh) in blue and red ; second illuminated headpiece at opening of final section on p.534 (opens "نه احتیاج که ساقی ویرا شراب سنکا ..."), consisting of rectangular piece with empty gold cartouche surmounted by scalloped dome overlaid with elegant floral vegetal motifs in gold with white, turquoise, and red accents on a gold ground, all set in a well of narrow gold bands flanking a heavy light blue band with dark blue crosses and surmounted by a row of vertical stalks (tīgh) in blue and red ; written area throughout surrounded by gold frame with narrow gold bands defining divisions within ; red rule border defines margin ; headings, keywords and some marginalia rubricated ; occasional textual dividers in the form of inverted commas in red.</subfield></datafield><datafield tag="500" ind1=" " ind2=" "><subfield code="a">Script: Nastaʻlīq (talik) with some element of shikastah (شكسته نستعليق) ; elegant, compact Ottoman hand in a medium line ; serifless, with marked effect of words descending to baseline, closed counters, elongated horizontal strokes, final nūn often reversed or recurved.</subfield></datafield><datafield tag="500" ind1=" " ind2=" "><subfield code="a">Layout: Written mainly in 23 lines per page with written area divided to two columns, headings centered in written area and a variable number of lines glossing the margins ; frame-ruled.</subfield></datafield><datafield tag="500" ind1=" " ind2=" "><subfield code="a">Collation: i, V-1 (9), 5 V(59), V+2 (71), 14 V(211), IV+2 (221), IV (229), III-1 (234), i ; almost exclusively quinions ; catchwords present ; pagination in pencil, Western numerals, supplied during digitization.</subfield></datafield><datafield tag="500" ind1=" " ind2=" "><subfield code="a">Incipit: "عمر من در سایه آن قامت دلجو گذشت از چنان حیرت فرا سروی چسان این جو گذشت ..."</subfield></datafield><datafield tag="500" ind1=" " ind2=" "><subfield code="a">Title supplied by cataloguer.</subfield></datafield><datafield tag="500" ind1=" " ind2=" "><subfield code="a">Ms. codex.</subfield></datafield><datafield tag="510" ind1="4" ind2=" "><subfield code="a">Cat. Pers. MSS. Brit. Mus.,</subfield><subfield code="c">p. 693 ff.</subfield></datafield><datafield tag="520" ind1="8" ind2=" "><subfield code="a">Elegant copy of a selection from the collected poems of Mīrzā Muḥammad ʻAlī Ṣāʼib Tabrīzī (d. between 1080/1669-70 and 1088/1677-8).</subfield></datafield><datafield tag="538" ind1=" " ind2=" "><subfield code="a">Mode of access: Internet.</subfield></datafield><datafield tag="541" ind1=" " ind2=" "><subfield code="c">Purchase ;</subfield><subfield code="a">Acquired by purchase (funds donated by Horace Rackham).</subfield><subfield code="d">1924.</subfield></datafield><datafield tag="546" ind1=" " ind2=" "><subfield code="a">Persian.</subfield></datafield><datafield tag="561" ind1=" " ind2=" "><subfield code="a">Inscription in pencil "L# 2 1/2" on verso of front flyleaf ; on 'title page' (p.1), ownership statement in name of Sayyid Ḥumaydī [Ḥamīdī] (سيد حميدى ), inscription reads "استصحبه الفقير سيد حميدى [؟] ... الله له" as well as large oval seal impression and large circular seal impression, both virtually effaced ; further verses included as extensive glosses in the margins.</subfield></datafield><datafield tag="650" ind1=" " ind2="0"><subfield code="a">Manuscripts, Persian</subfield><subfield code="z">Michigan</subfield><subfield code="z">Ann Arbor.</subfield></datafield><datafield tag="650" ind1=" " ind2="0"><subfield code="a">Persian poetry</subfield><subfield code="y">1500-1796.</subfield></datafield><datafield tag="655" ind1=" " ind2="7"><subfield code="a">Headpieces (layout features)</subfield><subfield code="y">18th century.</subfield><subfield code="2">aat</subfield></datafield><datafield tag="700" ind1="0" ind2=" "><subfield code="a">Abdülhamid</subfield><subfield code="b">II,</subfield><subfield code="c">Sultan of the Turks,</subfield><subfield code="d">1842-1918,</subfield><subfield code="e">former owner.</subfield></datafield><datafield tag="773" ind1="0" ind2=" "><subfield code="a">Abdul Hamid Collection.</subfield></datafield><datafield tag="880" ind1="1" ind2="0"><subfield code="6">245-03/</subfield><subfield code="a">[دیوان صائب,</subfield><subfield code="f">قرن 18م؟].</subfield></datafield><datafield tag="880" ind1="1" ind2=" "><subfield code="6">100-01/</subfield><subfield code="a">صائب تبريزى، محمد على.</subfield></datafield><datafield tag="CID" ind1=" " ind2=" "><subfield code="a">006818786</subfield></datafield><datafield tag="DAT" ind1="0" ind2=" "><subfield code="a">20190719102639.0</subfield><subfield code="b">20190719000000.0</subfield></datafield><datafield tag="DAT" ind1="1" ind2=" "><subfield code="a">20190719090653.0</subfield><subfield code="b">2019-07-19T16:10:57Z</subfield></datafield><datafield tag="DAT" ind1="2" ind2=" "><subfield code="a">2015-10-02T18:00:03Z</subfield></datafield><datafield tag="CAT" ind1=" " ind2=" "><subfield code="a">SDR-MIU</subfield><subfield code="d">EX LIBRIS - ALEPH</subfield><subfield code="l">prepare.pl-004-008</subfield></datafield><datafield tag="FMT" ind1=" " ind2=" "><subfield code="a">BK</subfield></datafield><datafield tag="HOL" ind1=" " ind2=" "><subfield code="0">sdr-miu006818786</subfield><subfield code="a">MiU</subfield><subfield code="b">SDR</subfield><subfield code="c">MIU</subfield><subfield code="p">mdp.39015079130061</subfield><subfield code="s">MIU</subfield><subfield code="1">006818786</subfield></datafield><datafield tag="974" ind1=" " ind2=" "><subfield code="b">MIU</subfield><subfield code="c">MIU</subfield><subfield code="d">20190719</subfield><subfield code="s">lit-dlps-dc</subfield><subfield code="u">mdp.39015079130061</subfield><subfield code="y">1799</subfield><subfield code="r">pd</subfield><subfield code="q">bib</subfield><subfield code="t">non-US bib date1 &lt; 1896</subfield></datafield></record></collection>